Automatically generated by Mendeley Desktop 1.12.4
Any changes to this file will be lost if it is regenerated by Mendeley.

BibTeX export options can be customized via Options -> BibTeX in Mendeley Desktop

@article{Chicco2006,
abstract = {The recent evolution of the electricity business reg- ulation has given new possibilities to the electricity providers for formulating dedicated tariff offers. A key aspect for building specific tariff structures is the identification of the consumption patterns of the customers, in order to formspecific customer classes containing customers exhibiting similar patterns. This paper illustrates and compares the results obtained by using various unsupervised clustering algorithms (modified follow-the-leader, hierarchical clustering, K-means, fuzzy K-means) and the self- organizing maps to group together customers with similar elec- trical behavior. Furthermore, this paper discusses and compares various techniques—Sammon map, principal component analysis (PCA), and curvilinear component analysis (CCA)—able to reduce the size of the clustering input data set, in order to allowfor storing a relatively small amount of data in the database of the distribution service provider for customer classification purposes. The effec- tiveness of the classifications obtained with the algorithms tested is compared in terms of a set of clustering validity indicators. Results obtained on a set of nonresidential customers are presented.},
author = {Chicco, Gianfranco and Napoli, Roberto and Piglione, Federico},
doi = {10.1109/TPWRS.2006.873122},
isbn = {0885-8950 VO - 21},
issn = {08858950},
journal = {IEEE Transactions on Power Systems},
keywords = {Clustering,Curvilinear component analysis,Customer classification,Follow-the-leader,Fuzzy K-means,Hierarchical clustering,K-means,Load pattern,Principal component analysis,Sammon map,Self-organizing map (SOM)},
pages = {933--940},
title = {{Comparisons among clustering techniques for electricity customer classification}},
volume = {21},
year = {2006}
}


@article{kwac2014,
  title={Household energy consumption segmentation using hourly data},
  author={Kwac, Jungsuk and Flora, June and Rajagopal, Ram},
  journal={Smart Grid, IEEE Transactions on},
  volume={5},
  number={1},
  pages={420--430},
  year={2014},
  publisher={IEEE}
}

@article{chaouch2014,
  title={Clustering-based improvement of nonparametric functional time series forecasting: Application to intra-day household-level load curves},
  author={Chaouch, Mohamed},
  journal={Smart Grid, IEEE Transactions on},
  volume={5},
  number={1},
  pages={411--419},
  year={2014},
  publisher={IEEE}
}

@ARTICLE{Quilumba2015, 
author={Quilumba, F.L. and Wei-Jen Lee and Heng Huang and Wang, D.Y. and Szabados, R.L.}, 
journal={Smart Grid, IEEE Transactions on}, 
title={Using Smart Meter Data to Improve the Accuracy of Intraday Load Forecasting Considering Customer Behavior Similarities}, 
year={2015}, 
month={March}, 
volume={6}, 
number={2}, 
pages={911-918}, 
keywords={consumer behaviour;energy management systems;load forecasting;power system planning;smart meters;smart power grids;AMI;advanced metering infrastructure;customer behavior similarity;electric power system planning;energy management;energy-use information;feeder level;intraday load forecasting;long-term load forecasting;power consumption patterns;smart grid technology;smart meter data;very short-term load forecasting;Accuracy;Biological system modeling;Forecasting;Load forecasting;Load modeling;Predictive models;Smart meters;$k$ -means clustering;Advanced metering infrastructure (AMI);k-means clustering;load forecasting;load patterns;load profiles;neural network-based load forecasting;smart meters}, 
doi={10.1109/TSG.2014.2364233}, 
ISSN={1949-3053}
}

@article{kakizawa1998,
  title={Discrimination and clustering for multivariate time series},
  author={Kakizawa, Yoshihide and Shumway, Robert H and Taniguchi, Masanobu},
  journal={Journal of the American Statistical Association},
  volume={93},
  number={441},
  pages={328--340},
  year={1998},
  publisher={Taylor \& Francis Group}
}

@article{Haben2015,
  title={Analysis and Clustering of Residential Customers Energy Behavioral Demand Using Smart Meter Data},
  author={Haben, Stephen and Singleton, Colin and Grindrod, Peter},
  publisher={IEEE}
}

@article{Dent2013,
  title={Finding the creatures of habit; Clustering households based on their flexibility in using electricity},
  author={Dent, Ian and Craig, Tony and Aickelin, Uwe and Rodden, Tom},
  journal={arXiv preprint arXiv:1307.2111},
  year={2013}
}

@article{Rasanen2010,
  title={Data-based method for creating electricity use load profiles using large amount of customer-specific hourly measured electricity use data},
  author={R{\"a}s{\"a}nen, Teemu and Voukantsis, Dimitrios and Niska, Harri and Karatzas, Kostas and Kolehmainen, Mikko},
  journal={Applied Energy},
  volume={87},
  number={11},
  pages={3538--3545},
  year={2010},
  publisher={Elsevier}
}

a@rticle{Fidalgo2012,
  title={A new clustering algorithm for load profiling based on billing data},
  author={Fidalgo, Jos{\'e} Nuno and Matos, Manuel Ant{\'o}nio and Ribeiro, Lu{\'\i}s},
  journal={Electric Power Systems Research},
  volume={82},
  number={1},
  pages={27--33},
  year={2012},
  publisher={Elsevier}
}
@article{Ramos2015,
  title={A data-mining-based methodology to support MV electricity customers’ characterization},
  author={Ramos, S{\'e}rgio and Duarte, Jo{\~a}o M and Duarte, F Jorge and Vale, Zita},
  journal={Energy and Buildings},
  volume={91},
  pages={16--25},
  year={2015},
  publisher={Elsevier}
}

@article{Ferreira2015,
  title={Pattern recognition as a tool to support decision making in the management of the electric sector. Part II: A new method based on clustering of multivariate time series},
  author={Ferreira, Adonias Magdiel Silva and de Oliveira Fontes, Cristiano Hora and Cavalcante, Carlos Arthur Mattos Teixeira and Marambio, Jorge Eduardo Soto},
  journal={International Journal of Electrical Power \& Energy Systems},
  volume={67},
  pages={613--626},
  year={2015},
  publisher={Elsevier}
}

@article{Rhodes2014,
  title={Clustering analysis of residential electricity demand profiles},
  author={Rhodes, Joshua D and Cole, Wesley J and Upshaw, Charles R and Edgar, Thomas F and Webber, Michael E},
  journal={Applied Energy},
  volume={135},
  pages={461--471},
  year={2014},
  publisher={Elsevier}
}

@article{granell2015,
  title={Clustering disaggregated load profiles using a Dirichlet process mixture model},
  author={Granell, Ramon and Axon, Colin J and Wallom, David CH},
  journal={Energy Conversion and Management},
  volume={92},
  pages={507--516},
  year={2015},
  publisher={Elsevier}
}

@article{saraiva2015,
  title={A framework for classification of non-linear loads in smart grids using Artificial Neural Networks and Multi-Agent Systems},
  author={Saraiva, Filipe de O and Bernardes, Wellington MS and Asada, Eduardo N},
  journal={Neurocomputing},
  volume={170},
  pages={328--338},
  year={2015},
  publisher={Elsevier}
}

@incollection{Dent2014,
  title={Variability of Behaviour in Electricity Load Profile Clustering; Who Does Things at the Same Time Each Day?},
  author={Dent, Ian and Craig, Tony and Aickelin, Uwe and Rodden, Tom},
  booktitle={Advances in Data Mining. Applications and Theoretical Aspects},
  pages={70--84},
  year={2014},
  publisher={Springer}
}

@inproceedings{Wang2015,
  title={Application of clustering technique to electricity customer classification for load forecasting},
  author={Wang, Yanlong and Li, Li and Yang, Qinmin},
  booktitle={Information and Automation, 2015 IEEE International Conference on},
  pages={1425--1430},
  year={2015},
  organization={IEEE}
}

@inproceedings{Waczowicz2015,
  title={Demand response clustering-How do dynamic prices affect household electricity consumption?},
  author={Waczowicz, Simon and Reischl, Markus and Hagenmeyer, Veit and Mikut, Ralf and Klaiber, Stefan and Bretschneider, Peter and Konotop, Irina and Westermann, Dirk},
  booktitle={PowerTech, 2015 IEEE Eindhoven},
  pages={1--6},
  year={2015},
  organization={IEEE}
}

@article{Panapakidis2015,
  title={Enhancing the clustering process in the category model load profiling},
  author={Panapakidis, Ioannis P and Alexiadis, Minas C and Papagiannis, Grigoris K},
  journal={IET Generation, Transmission \& Distribution},
  volume={9},
  number={7},
  pages={655--665},
  year={2015},
  publisher={IET}
}

@inproceedings{Colley2014,
  title={Queensland load profiling by using clustering techniques},
  author={Colley, Daven and Mahmoudi, Nadali and Eghbal, Daniel and Saha, Tapan K},
  booktitle={Power Engineering Conference (AUPEC), 2014 Australasian Universities},
  pages={1--6},
  year={2014},
  organization={IEEE}
}

@article{Dent2015,
  title={Deriving knowledge of household behaviour from domestic electricity usage metering},
  author={Dent, Ian},
  year={2015}
}


@article{Zhou2013,
  title={A review of electric load classification in smart grid environment},
  author={Yang, Shan-lin and Shen, Chao and others},
  journal={Renewable and Sustainable Energy Reviews},
  volume={24},
  pages={103--110},
  year={2013},
  publisher={Elsevier}
}


@article{Mcloughlin2015,
  title={A clustering approach to domestic electricity load profile characterisation using smart metering data},
  author={McLoughlin, Fintan and Duffy, Aidan and Conlon, Michael},
  journal={Applied energy},
  volume={141},
  pages={190--199},
  year={2015},
  publisher={Elsevier}
}


@article{Benítez2014,
  title={Dynamic clustering segmentation applied to load profiles of energy consumption from Spanish customers},
  author={Ben{\'\i}tez, Ignacio and Quijano, Alfredo and D{\'\i}ez, Jos{\'e}-Luis and Delgado, Ignacio},
  journal={International Journal of Electrical Power \& Energy Systems},
  volume={55},
  pages={437--448},
  year={2014},
  publisher={Elsevier}
}

@article{viegas2015A,
  title={Fuzzy clustering and prediction of electricity demand based on household characteristics},
  author={Viegas, Joaquim L and Vieira, Susana M and Sousa, Jo{\~a}o MC},
  year={2015}
}

@inproceedings{Viegas2015B,
  title={Electricity demand profile prediction based on household characteristics},
  author={Viegas, Joaquim L and Vieira, Susana M and Sousa, Joao and Melicio, R and Mendes, VMF},
  booktitle={European Energy Market (EEM), 2015 12th International Conference on the},
  pages={1--5},
  year={2015},
  organization={IEEE}
}

@inproceedings{Kwac2013B,
  title={Demand response targeting using big data analytics},
  author={Kwac, Jungsuk and Rajagopal, Ram},
  booktitle={Big Data, 2013 IEEE International Conference on},
  pages={683--690},
  year={2013},
  organization={IEEE}
}

@inproceedings{Kwac2013A,
  title={Utility customer segmentation based on smart meter data: Empirical study},
  author={Kwac, Jungsuk and Tan, Chin-Woo and Sintov, Nicole and Flora, June and Rajagopal, Ram},
  booktitle={Smart Grid Communications (SmartGridComm), 2013 IEEE International Conference on},
  pages={720--725},
  year={2013},
  organization={IEEE}
}
@incollection{borgeson2015,
  title={Learning from Hourly Household Energy Consumption: Extracting, Visualizing and Interpreting Household Smart Meter Data},
  author={Borgeson, Sam and Flora, June A and Kwac, Jungsuk and Tan, Chin-Woo and Rajagopal, Ram},
  booktitle={Design, User Experience, and Usability: Interactive Experience Design},
  pages={337--345},
  year={2015},
  publisher={Springer}
}

@inproceedings{Wijaya2014,
  title={Consumer segmentation and knowledge extraction from smart meter and survey data},
  author={Wijaya, Tri Kurniawan and Ganu, Tanuja and Chakraborty, Dipanjan and Aberer, Karl and Seetharam, Deva P},
  booktitle={SIAM International Conference on Data Mining (SDM14)},
  number={EPFL-CONF-196276},
  year={2014}
}

Energy disaggregation

@article{Parson2012,
  title={Non-intrusive load monitoring using prior models of general appliance types},
  author={Parson, Oliver and Ghosh, Siddhartha and Weal, Mark and Rogers, Alex},
  year={2012}
}

@article{Zoha2012,
  title={Non-intrusive load monitoring approaches for disaggregated energy sensing: A survey},
  author={Zoha, Ahmed and Gluhak, Alexander and Imran, Muhammad Ali and Rajasegarar, Sutharshan},
  journal={Sensors},
  volume={12},
  number={12},
  pages={16838--16866},
  year={2012},
  publisher={Multidisciplinary Digital Publishing Institute}
}

@article{Zeifman2012,
  title={Disaggregation of home energy display data using probabilistic approach},
  author={Zeifman, Michael},
  journal={Consumer Electronics, IEEE Transactions on},
  volume={58},
  number={1},
  pages={23--31},
  year={2012},
  publisher={IEEE}
}

@inproceedings{makonin2013,
  title={AMPds: A public dataset for load disaggregation and eco-feedback research},
  author={Makonin, Stephen and Popowich, Fred and Bartram, Lyn and Gill, Brijesh and Bajic, Ivan V},
  booktitle={Electrical Power \& Energy Conference (EPEC), 2013 IEEE},
  pages={1--6},
  year={2013},
  organization={IEEE}
}

@inproceedings{batra2014A,
  title={NILMTK: An open source toolkit for non-intrusive load monitoring},
  author={Batra, Nipun and Kelly, Jack and Parson, Oliver and Dutta, Haimonti and Knottenbelt, William and Rogers, Alex and Singh, Amarjeet and Srivastava, Mani},
  booktitle={Proceedings of the 5th international conference on Future energy systems},
  pages={265--276},
  year={2014},
  organization={ACM}
}

@article{Batra2014B,
  title={A comparison of non-intrusive load monitoring methods for commercial and residential buildings},
  author={Batra, Nipun and Parson, Oliver and Berges, Mario and Singh, Amarjeet and Rogers, Alex},
  journal={arXiv preprint arXiv:1408.6595},
  year={2014}
}

@article{Jazizadeh2014,
  title={An unsupervised hierarchical clustering based heuristic algorithm for facilitated training of electricity consumption disaggregation systems},
  author={Jazizadeh, Farrokh and Becerik-Gerber, Burcin and Berges, Mario and Soibelman, Lucio},
  journal={Advanced Engineering Informatics},
  volume={28},
  number={4},
  pages={311--326},
  year={2014},
  publisher={Elsevier}
}

@inproceedings{kelly2015,
  title={Neural nilm: Deep neural networks applied to energy disaggregation},
  author={Kelly, Jack and Knottenbelt, William},
  booktitle={Proceedings of the 2nd ACM International Conference on Embedded Systems for Energy-Efficient Built Environments},
  pages={55--64},
  year={2015},
  organization={ACM}
}

@article{Gabaldon2014,
  title={Disaggregation of the electric loads of small customers through the application of the Hilbert transform},
  author={Gabald{\'o}n, Antonio and Ortiz-Garc{\'\i}a, Mario and Molina, Roque and Valero-Verd{\'u}, Sergio},
  journal={Energy Efficiency},
  volume={7},
  number={4},
  pages={711--728},
  year={2014},
  publisher={Springer}
}

@article{Guo2015,
  title={Home appliance load modeling from aggregated smart meter data},
  author={Guo, Zhenyu and Wang, Z Jane and Kashani, Ali},
  journal={Power Systems, IEEE Transactions on},
  volume={30},
  number={1},
  pages={254--262},
  year={2015},
  publisher={IEEE}
}

@inproceedings{Ferrez2014,
  title={Non-intrusive appliance load curve disaggregation for service development},
  author={Ferrez, Pierre and Roduit, Pierre},
  booktitle={Energy Conference (ENERGYCON), 2014 IEEE International},
  pages={813--820},
  year={2014},
  organization={IEEE}
}

@incollection{Neupane2014,
  title={Towards Flexibility Detection in Device-Level Energy Consumption},
  author={Neupane, Bijay and Pedersen, Torben Bach and Thiesson, Bo},
  booktitle={Data Analytics for Renewable Energy Integration},
  pages={1--16},
  year={2014},
  publisher={Springer}
}


@article{Beckel2014B,
  title={Revealing household characteristics from smart meter data},
  author={Beckel, Christian and Sadamori, Leyna and Staake, Thorsten and Santini, Silvia},
  journal={Energy},
  volume={78},
  pages={397--410},
  year={2014},
  publisher={Elsevier}
}

@article{Gulbinas2015,
  title={Segmentation and Classification of Commercial Building Occupants by Energy-Use Efficiency and Predictability},
  author={Gulbinas, Rimas and Khosrowpour, Ardalan and Taylor, John},
  journal={Smart Grid, IEEE Transactions on},
  volume={6},
  number={3},
  pages={1414--1424},
  year={2015},
  publisher={IEEE}
}

@article{Mets2015,
  title={Two-Stage Load Pattern Clustering Using Fast Wavelet Transformation},
  author={Mets, Kevin and Depuydt, Frederick and Develder, Chris},
  publisher={IEEE}
}
@article{Yin2014,
  title={Appliance based model for energy consumption segmentation},
  author={Yin, Zi and Teeraratkul, Thanchanok and Tamang, Nutthavuth},
  year={2014}
}

@article{Armel2013,
  title={Is disaggregation the holy grail of energy efficiency? The case of electricity},
  author={Armel, K Carrie and Gupta, Abhay and Shrimali, Gireesh and Albert, Adrian},
  journal={Energy Policy},
  volume={52},
  pages={213--234},
  year={2013},
  publisher={Elsevier}
}

@article{Egarter2015,
  title={PALDi: Online load disaggregation via particle filtering},
  author={Egarter, Dominik and Bhuvana, Venkata Pathuri and Elmenreich, Wilfried},
  journal={Instrumentation and Measurement, IEEE Transactions on},
  volume={64},
  number={2},
  pages={467--477},
  year={2015},
  publisher={IEEE}
}

@article{Parson2014,
  title={An unsupervised training method for non-intrusive appliance load monitoring},
  author={Parson, Oliver and Ghosh, Siddhartha and Weal, Mark and Rogers, Alex},
  journal={Artificial Intelligence},
  volume={217},
  pages={1--19},
  year={2014},
  publisher={Elsevier}
}

@inproceedings{Dong2013,
  title={Energy disaggregation via adaptive filtering},
  author={Dong, Roy and Ratliff, Lillian J and Ohlsson, Henrik and Sastry, S Shankar},
  booktitle={Communication, Control, and Computing (Allerton), 2013 51st Annual Allerton Conference on},
  pages={173--180},
  year={2013},
  organization={IEEE}
}

@inproceedings{Altrabalsi2014,
  title={A low-complexity energy disaggregation method: Performance and robustness},
  author={Altrabalsi, Hana and Liao, Jilong and Stankovic, Lina and Stankovic, Vladimir},
  booktitle={Computational Intelligence Applications in Smart Grid (CIASG), 2014 IEEE Symposium on},
  pages={1--8},
  year={2014},
  organization={IEEE}
}

@inproceedings{Batra2015,
  title={If You Measure It, Can You Improve It?: Exploring The Value of Energy Disaggregation},
  author={Batra, Nipun and Singh, Amarjeet and Whitehouse, Kamin},
  booktitle={Proceedings of the 2nd ACM International Conference on Embedded Systems for Energy-Efficient Built Environments},
  pages={191--200},
  year={2015},
  organization={ACM}
}

@inproceedings{Patri2014,
  title={Extracting discriminative features for event-based electricity disaggregation},
  author={Patri, Om P and Panangadan, Anand V and Chelmis, Charalampos and Prasanna, Viktor K},
  booktitle={Technologies for Sustainability (SusTech), 2014 IEEE Conference on},
  pages={232--238},
  year={2014},
  organization={IEEE}
}

@inproceedings{sn2015,
  title={LocED: Location-aware energy Disaggregation Framework},
  author={SN, Akshay Uttama Nambi and Lua, Antonio Reyes and Prasad, Venkatesha},
  booktitle={2nd ACM International Conference on Embedded Systems For Energy-Efficient Built Environments (BuildSys 2015)},
  year={2015},
  organization={ACM}
}
data references from here

@phdthesis{Royer2015,
  TITLE = {{Towards a Data and Business Process Warehouse : Application to the Electric Mobility at EDF}},
  AUTHOR = {Royer, Kevin Royer},
  URL = {https://tel.archives-ouvertes.fr/tel-01151120},
  NUMBER = {2015ESMA0001},
  SCHOOL = {{ISAE-ENSMA Ecole Nationale Sup{\'e}rieure de M{\'e}canique et d'A{\'e}rotechique - Poitiers}},
  YEAR = {2015},
  MONTH = Mar,
  KEYWORDS = {Business Process ; Life Cycle ; Cycle de vie ; Processus m{\'e}tier},
  TYPE = {Theses},
  PDF = {https://tel.archives-ouvertes.fr/tel-01151120/file/these_Kevin_ROYER_finale.pdf},
  HAL_ID = {tel-01151120},
  HAL_VERSION = {v1},
}

@article{Barker2012,
  title={Smart*: An open data set and tools for enabling research in sustainable homes},
  author={Barker, Sean and Mishra, Aditya and Irwin, David and Cecchet, Emmanuel and Shenoy, Prashant and Albrecht, Jeannie},
  journal={SustKDD, August},
  year={2012}
}

@inproceedings{Monacchi2014,
  title={GREEND: an energy consumption dataset of households in Italy and Austria},
  author={Monacchi, Andrea and Egarter, Dominik and Elmenreich, Wilfried and D'Alessandro, Salvatore and Tonello, Andrea M},
  booktitle={Smart Grid Communications (SmartGridComm), 2014 IEEE International Conference on},
  pages={511--516},
  year={2014},
  organization={IEEE}
}

@inproceedings{Kelly2014A,
  title={Metadata for energy disaggregation},
  author={Kelly, Jonathan and Knottenbelt, William},
  booktitle={Computer Software and Applications Conference Workshops (COMPSACW), 2014 IEEE 38th International},
  pages={578--583},
  year={2014},
  organization={IEEE}
}

@inproceedings{Pereira2014,
  title={Sustdata: A public dataset for ict4s electric energy research},
  author={Pereira, Lucas and Quintal, Filipe and Gon{\c{c}}alves, Rodolfo and Nunes, Nuno Jardim},
  booktitle={ICT for Sustainability 2014 (ICT4S-14)},
  year={2014},
  organization={Atlantis Press}
}

@inproceedings{Beckel2014A,
  title={The eco data set and the performance of non-intrusive load monitoring algorithms},
  author={Beckel, Christian and Kleiminger, Wilhelm and Cicchetti, Romano and Staake, Thorsten and Santini, Silvia},
  booktitle={Proceedings of the 1st ACM Conference on Embedded Systems for Energy-Efficient Buildings},
  pages={80--89},
  year={2014},
  organization={ACM}
} 

@article{Kelly2014B,
  title={UK-DALE: A dataset recording UK Domestic Appliance-Level Electricity demand and whole-house demand},
  author={Kelly, Jack and Knottenbelt, William},
  journal={ArXiv e-prints},
  volume={59},
  year={2014}
}

@article{Parson2015,
  title={Dataport and nilmtk: A building data set designed for non-intrusive load monitoring},
  author={Parson, Oliver and Fisher, Grant and Hersey, April and Batra, Nipun and Kelly, Jack and Singh, Amarjeet and Knottenbelt, William and Rogers, Alex},
  year={2015}
}

@inproceedings{Ridi2014,
  title={ACS-F2—A new database of appliance consumption signatures},
  author={Ridi, Antonio and Gisler, Christophe and Hennebert, Jean},
  booktitle={Soft Computing and Pattern Recognition (SoCPaR), 2014 6th International Conference of},
  pages={145--150},
  year={2014},
  organization={IEEE}
}